@misc{guardian:tomtom, title={Navigating decline: what happened to TomTom?}, url={https://www.theguardian.com/business/2015/jul/21/navigating-decline-what-happened-to-tomtom-satnav}, journal={The Guardian}, publisher={Guardian News and Media}, author={Arthur, Charles}, year={2015}, month={Jul}}


@misc{google:satellites, title={Google Owns a Satellite Now}, url={http://www.theatlantic.com/technology/archive/2014/06/why-google-bought-satellite-startup-skybox/371531/}, journal={The Atlantic}, publisher={Atlantic Media Company}, author={MEYER, ROBINSON }, year={2014}, month={Jun}}


@misc{google:makeusof, title={How Does Google Maps Work?}, url={http://www.makeuseof.com/tag/technology-explained-google-maps-work/}, journal={MakeUseOf}, author={Nightingale, Rob}, year={2017}, month={Jan}}

@misc{google:wired, title={The secret of Google Maps' accuracy revealed}, url={http://www.wired.co.uk/article/google-maps}, journal={WIRED UK}, publisher={WIRED UK}, author={Miller, Greg}, year={2016}, month={May}}


@misc{google:forum, title={Google Groups}, url={https://productforums.google.com/forum/?hl=en#!category-topic/earth/imagery--data--layers/6-4HUc-bWqk}, journal={Google Groups}, publisher={Google}, author={ERC}, year={2009}, month={Jun}}

@misc{terrapattern:howitworks, title={About Terrapattern}, url={http://www.terrapattern.com/about}, journal={Terrapattern},author={Terrapattern},year={2016}}

